<record><leader>00000cas a22000007a 4500</leader><controlfield tag="001">29577438</controlfield><controlfield tag="008">940105c19uu9999cauwr ne      0   a0eng c</controlfield><datafield ind1=" " ind2=" " tag="010"><subfield code="a">sn 94002235 </subfield></datafield><datafield ind1=" " ind2=" " tag="040"><subfield code="a">NSD</subfield><subfield code="b">eng</subfield><subfield code="c">NSD</subfield><subfield code="d">OCLCQ</subfield><subfield code="d">OCLCA</subfield><subfield code="d">OCLCF</subfield></datafield><datafield ind1=" " ind2=" " tag="012"><subfield code="l">1</subfield></datafield><datafield ind1="1" ind2=" " tag="022"><subfield code="a">1074-0090</subfield><subfield code="l">1074-0090</subfield><subfield code="2">1</subfield></datafield><datafield ind1="1" ind2=" " tag="029"><subfield code="a">AU@</subfield><subfield code="b">000025856801</subfield></datafield><datafield ind1=" " ind2=" " tag="037"><subfield code="b">JPAO H &amp; HS MCAS El Toro, P.O. Box 95002, Santa Ana, CA 92709-5002</subfield></datafield><datafield ind1=" " ind2=" " tag="042"><subfield code="a">nsdp</subfield><subfield code="a">pcc</subfield></datafield><datafield ind1=" " ind2=" " tag="043"><subfield code="a">n-us---</subfield><subfield code="a">n-us-ca</subfield></datafield><datafield ind1="0" ind2=" " tag="130"><subfield code="a">Flight jacket (Mission Viejo, Calif.)</subfield></datafield><datafield ind1=" " ind2="0" tag="222"><subfield code="a">Flight jacket</subfield><subfield code="b">(Mission Viejo, Calif.)</subfield></datafield><datafield ind1="1" ind2="0" tag="245"><subfield code="a">Flight jacket.</subfield></datafield><datafield ind1=" " ind2=" " tag="260"><subfield code="a">Mission Viejo, CA :</subfield><subfield code="b">Golden West Pub.</subfield></datafield><datafield ind1=" " ind2=" " tag="300"><subfield code="a">v.</subfield></datafield><datafield ind1=" " ind2=" " tag="310"><subfield code="a">Weekly</subfield></datafield><datafield ind1=" " ind2=" " tag="500"><subfield code="a">"Serving MCASs El Toro and Tustin."</subfield></datafield><datafield ind1=" " ind2=" " tag="588"><subfield code="a">Description based on: Vol. 50, no. 50 (Dec. 17, 1993).</subfield></datafield><datafield ind1="1" ind2="0" tag="610"><subfield code="a">United States.</subfield><subfield code="b">Marine Corps</subfield><subfield code="v">Periodicals.</subfield></datafield><datafield ind1=" " ind2="0" tag="651"><subfield code="a">Marine Corps Air Station El Toro (Calif.)</subfield></datafield><datafield ind1=" " ind2="0" tag="651"><subfield code="a">Marine Corps Air Station Tustin (Calif.)</subfield></datafield><datafield ind1=" " ind2="7" tag="655"><subfield code="a">Periodicals.</subfield><subfield code="2">fast</subfield><subfield code="0">(OCoLC)fst01411641</subfield></datafield><datafield ind1="1" ind2="7" tag="610"><subfield code="a">United States.</subfield><subfield code="b">Marine Corps.</subfield><subfield code="2">fast</subfield><subfield code="0">(OCoLC)fst00528845</subfield></datafield><datafield ind1=" " ind2="7" tag="651"><subfield code="a">California</subfield><subfield code="z">Marine Corps Air Station El Toro.</subfield><subfield code="2">fast</subfield><subfield code="0">(OCoLC)fst01296190</subfield></datafield><datafield ind1=" " ind2="7" tag="651"><subfield code="a">California</subfield><subfield code="z">Marine Corps Air Station Tustin.</subfield><subfield code="2">fast</subfield><subfield code="0">(OCoLC)fst01296191</subfield></datafield><datafield ind1=" " ind2=" " tag="752"><subfield code="a">United States</subfield><subfield code="b">California</subfield><subfield code="c">Orange</subfield><subfield code="d">Mission Viejo.</subfield></datafield></record>